<record><leader>00000cas a2200000 a 4500</leader><controlfield tag="001">10906437</controlfield><controlfield tag="008">840702c18859999nyuwr ne      0    0eng c</controlfield><datafield ind1=" " ind2=" " tag="010"><subfield code="a">sn 84031180 </subfield></datafield><datafield ind1=" " ind2=" " tag="040"><subfield code="a">NYG</subfield><subfield code="b">eng</subfield><subfield code="c">NYG</subfield><subfield code="d">NYS</subfield><subfield code="d">OCLCQ</subfield><subfield code="d">NYS</subfield><subfield code="d">OCLCQ</subfield><subfield code="d">OCLCF</subfield><subfield code="d">OCLCO</subfield></datafield><datafield ind1="1" ind2=" " tag="029"><subfield code="a">AU@</subfield><subfield code="b">000020635577</subfield></datafield><datafield ind1=" " ind2=" " tag="042"><subfield code="a">pcc</subfield></datafield><datafield ind1=" " ind2=" " tag="043"><subfield code="a">n-us-ny</subfield></datafield><datafield ind1="0" ind2="0" tag="245"><subfield code="a">Northport journal.</subfield></datafield><datafield ind1="1" ind2="3" tag="246"><subfield code="a">East Northport journal</subfield></datafield><datafield ind1="1" ind2="3" tag="246"><subfield code="a">Long-Islander</subfield></datafield><datafield ind1="1" ind2="3" tag="246"><subfield code="a">Long-Islander's Northport journal</subfield></datafield><datafield ind1=" " ind2=" " tag="260"><subfield code="a">Northport, N.Y. :</subfield><subfield code="b">D.A. Arthur,</subfield><subfield code="c">1885-</subfield></datafield><datafield ind1=" " ind2=" " tag="300"><subfield code="a">v. :</subfield><subfield code="b">ill.</subfield></datafield><datafield ind1=" " ind2=" " tag="310"><subfield code="a">Weekly</subfield></datafield><datafield ind1="0" ind2=" " tag="362"><subfield code="a">Vol. 1, no. 1 (Sept. 26, 1885)-</subfield></datafield><datafield ind1=" " ind2=" " tag="500"><subfield code="a">Published by Angelo Scandalis, &lt;1963-1981&gt;; Long Islander Newspapers, Inc., &lt;1996&gt;-</subfield></datafield><datafield ind1=" " ind2=" " tag="500"><subfield code="a">Editor: Marion H. Brett, &lt;1936-1963&gt;.</subfield></datafield><datafield ind1=" " ind2=" " tag="500"><subfield code="a">Includes the East Northport journal.</subfield></datafield><datafield ind1=" " ind2=" " tag="500"><subfield code="a">"Official paper of Northport Village" (varies: adds different villages as the paper expands).</subfield></datafield><datafield ind1=" " ind2=" " tag="500"><subfield code="a">"Serving Ashroken, Centerport, East Northport, Eatons Neck, Fort Salonga and Northport."</subfield></datafield><datafield ind1=" " ind2="0" tag="651"><subfield code="a">Northport (N.Y.)</subfield><subfield code="v">Newspapers.</subfield></datafield><datafield ind1=" " ind2="0" tag="651"><subfield code="a">Suffolk County (N.Y.)</subfield><subfield code="v">Newspapers.</subfield></datafield><datafield ind1=" " ind2="7" tag="655"><subfield code="a">Newspapers.</subfield><subfield code="2">fast</subfield><subfield code="0">(OCoLC)fst01423814</subfield></datafield><datafield ind1=" " ind2="7" tag="651"><subfield code="a">New York (State)</subfield><subfield code="z">Northport.</subfield><subfield code="2">fast</subfield><subfield code="0">(OCoLC)fst01207625</subfield></datafield><datafield ind1=" " ind2="7" tag="651"><subfield code="a">New York (State)</subfield><subfield code="z">Suffolk County.</subfield><subfield code="2">fast</subfield><subfield code="0">(OCoLC)fst01207260</subfield></datafield><datafield ind1=" " ind2=" " tag="752"><subfield code="a">United States</subfield><subfield code="b">New York</subfield><subfield code="c">Suffolk</subfield><subfield code="d">Northport.</subfield></datafield><datafield ind1="0" ind2=" " tag="775"><subfield code="t">Long-Islander</subfield><subfield code="w">(DLC)sn 83031119</subfield><subfield code="w">(OCoLC)9789701</subfield></datafield></record>